@article{kruchten,
	author = {Philippe Kruchten and Patricia Lago and Hans van Vliet},
	title = {Building Up and Reasoning About Architectural Knowledge},
	institution = {University of British Columbia and Vrije Universiteit Amsterdam},
	journal = {Quality of Software Architectures},
	date = {December 2006},
	year = {2006},
	month = {12},
	doi = {10.1007/11921998_8},
	pages = {43-58}
}
@article{denboon,
	author = {Tom den Boon},
	title = {Exploring the effectiveness of search engines for finding
	architectural knowledge in open source repositories},
	journal = {University of Groningen Student Theses},
	institution = {University of Groningen},
	date = {August 2021},
	year = {2021},
	url = {https://fse.studenttheses.ub.rug.nl/25813/},
	pages = {3-30}
}
@article{perry,
	author = {Dewayne E. Perry and Alexander L. Wolf},
	title = {Foundations for the Study of Software Architecture},
	journaltitle = {ACM SIGSOFT Software Engineering Notes},
	date = {October 1992},
	volume = {17},
	issue = {4},
	pages = {40-52},
	doi = {10.1.1.40.5174},
	url = {http://users.ece.utexas.edu/~perry/work/papers/swa-sen.pdf}
}
@article{jansen,
	author = {Anto Jansen and Jan van der Ven and Paris Avgeriou and Dieter K. Hammer},
	title = {Software Architecture as a Set of Architectural Design Decisions},
	doi = {10.1109/WICSA.2005.61},
	year = {2005},
	month = {01},
	pages = {109-120},
	volume = {2005},
	journal = {Proceedings - 5th Working IEEE/IFIP Conference on Software Architecture, WICSA 2005}
}
@article{tang,
	author = {Antony Tang and Paris Avgeriou and Anto Jansen and Rafael Capilla and Muhammad Ali Babar},
	title = {A comparative study of architecture knowledge management tools},
	year = {2008},
	month = {07},
	journal = {The Journal of Systems and Software}
}
@article{randell,
	author = {Peter Naur and Brian Randell},
	title = {Software Engineering: Report on a conference sponsored by the NATO Science Committee},
	date = {January 1969},
	year = {1969},
	institution = {NATO, Scientific Affairs Division},
	journal = {Working Conference on Software Engineering}
}
@article{garlan,
	author = {David Garlan and Mary Shaw},
	title = {An Introduction to Software Architecture},
	date = {January 1994},
	url = {https://www.cs.cmu.edu/afs/cs/project/able/ftp/intro_softarch/intro_softarch.pdf}
}
@manual{mailinglistrfc,
	author = {R. Gellens},
	title = {Mailing Lists and Internationalized Email Addresses},
	date = {October 2010},
	year = {2010},
	month = {10},
	organization = {Internet Engineering Task Force (IETF)},
}
@article{akhtar,
	author = {Aleem Akhtar},
	title = {Role of Apache Software Foundation in Big Data Projects},
	journal = {arXiv e-prints},
	year = {2020},
	month = {05},
	doi = {10.48550/arXiv.2005.02829}
}
@misc{rfc5322,
	series =	{Request for Comments},
	number =	5322,
	howpublished =	{RFC 5322},
	publisher =	{RFC Editor},
	doi =		{10.17487/RFC5322},
	url =		{https://www.rfc-editor.org/info/rfc5322},
	author =	{Pete Resnick},
	title =		{{Internet Message Format}},
	pagetotal =	57,
	year =		2008,
	month =		oct,
	abstract =	{This document specifies the Internet Message Format (IMF), a syntax for text messages that are sent between computer users, within the framework of "electronic mail" messages. This specification is a revision of Request For Comments (RFC) 2822, which itself superseded Request For Comments (RFC) 822, "Standard for the Format of ARPA Internet Text Messages", updating it to reflect current practice and incorporating incremental changes that were specified in other RFCs. {[}STANDARDS-TRACK{]}},
}
 @misc{apache-lucene,
 	url={https://lucene.apache.org/},
 	journal={Apache Lucene},
 	publisher={Apache Software Foundation}
 }
@article{faroghi,
	author = {Said Faroghi},
	title = {Mining architectural knowledge in issue tracking systems},
	journal = {University of Groningen Student Theses},
	institution = {University of Groningen},
	date = {February 2022},
	year = {2022},
	month = {2},
	url = {https://fse.studenttheses.ub.rug.nl/26603/}
}
@article{soliman,
	author = {Mohamed Soliman and Marion Wiese and Yikun Li and Matthias Riebisch and Paris Avgeriou},
	title = {Exploring Web Search Engines to Find Architectural Knowledge},
	journal = {Proceedings - IEEE 18th International Conference on Software Architecture,
	ICSA 2021},
	doi = {10.1109/ICSA51549.2021.00023},
	pages = {162-172},
	url = {https://doi.org/10.1109/ICSA51549.2021.00023}
}
@article{xiong,
	title = {Assumptions in OSS Development: An Exploratory Study through the Hibernate Developer Mailing List},
	author = {Zhuang Xiong and Peng Liang and Chen Yang and Tianqing Liu},
	journal = {25th Asia-Pacific Software Engineering Conference (APSEC)},
	doi = {10.1109/APSEC.2018.00060},
	year = {2018},
	month = {12}
}
@article{ding,
	title = {Understanding the Causes of Architecture Changes Using OSS Mailing Lists},
	author = {Wei Ding and Peng Liang and Antony Tang and Hans van Vliet},
	journal = {International Journal of Software Engineering and Knowledge Engineering},
	year = {2015},
	pages = {1633-1651}
}
@InProceedings{bhat,
	author="Bhat, Manoj
	and Shumaiev, Klym
	and Biesdorf, Andreas
	and Hohenstein, Uwe
	and Matthes, Florian",
	editor="Lopes, Ant{\'o}nia
	and de Lemos, Rog{\'e}rio",
	title="Automatic Extraction of Design Decisions from Issue Management Systems: A Machine Learning Based Approach",
	booktitle="Software Architecture",
	year="2017",
	publisher="Springer International Publishing",
	pages="138--154",
	isbn="978-3-319-65831-5"
}
@article{bright,
	author = {Bright, Walter and Alexandrescu, Andrei and Parker, Michael},
	title = {Origins of the D Programming Language},
	year = {2020},
	issue_date = {June 2020},
	publisher = {Association for Computing Machinery},
	address = {New York, NY, USA},
	volume = {4},
	number = {HOPL},
	url = {https://doi.org/10.1145/3386323},
	doi = {10.1145/3386323},
	journal = {Proc. ACM Program. Lang.},
	month = {jun},
	articleno = {73},
	numpages = {38},
	keywords = {Programming Languages}
}
@article{jarvelin,
	author = {J\"{a}rvelin, Kalervo and Kek\"{a}l\"{a}inen, Jaana},
	title = {Cumulated Gain-Based Evaluation of IR Techniques},
	year = {2002},
	issue_date = {October 2002},
	publisher = {Association for Computing Machinery},
	address = {New York, NY, USA},
	volume = {20},
	number = {4},
	issn = {1046-8188},
	url = {https://doi.org/10.1145/582415.582418},
	doi = {10.1145/582415.582418},
	journal = {ACM Trans. Inf. Syst.},
	month = {oct},
	pages = {422–446},
	numpages = {25},
	keywords = {cumulated gain, Graded relevance judgments}
}
@misc{stanfordslides,
	url = {https://web.stanford.edu/class/cs276/handouts/EvaluationNew-handout-6-per.pdf},
	title = {Introduction to Information Retrieval},
	year = {2013},
	month = {04}
}
@article{guthrie,
	title = {A Closer Look at Skip-gram Modelling},
	author = {David Guthrie and Ben Allison and Wei Lu and Louise Guthrie and Yorick Wilks},
	institution = {University of Sheffield},
	year = {2006},
	url = {https://web.archive.org/web/20170517144625/http://homepages.inf.ed.ac.uk/ballison/pdf/lrec_skipgrams.pdf}
}
@article{google-ngram,
	title = {All Our N-gram are Belong to You},
	author = {Alex Franz and Thorsten Brants},
	journal = {Google AI Blog},
	institution = {Google Research},
	year = {2006},
	month = {8},
	url = {https://ai.googleblog.com/2006/08/all-our-n-gram-are-belong-to-you.html}
}
@article{francis,
	title = {Frequency Analysis of English Usage: Lexicon and Usage},
	author = {W.N. Francis and H. Kučera},
	year = {1982},
	journal = {Oxford University Press}
}

